/home/mpt218/dbas/reprints/elect/cluster.bib